<record><leader>00000cas a22000007a 4500</leader><controlfield tag="001">16851303</controlfield><controlfield tag="008">871014d190919uumsuwr ne      0    0eng d</controlfield><datafield ind1=" " ind2=" " tag="010"><subfield code="a">sn 87065715 </subfield></datafield><datafield ind1=" " ind2=" " tag="040"><subfield code="a">MJA</subfield><subfield code="b">eng</subfield><subfield code="c">MJA</subfield><subfield code="d">MSJ</subfield><subfield code="d">OCLCQ</subfield></datafield><datafield ind1=" " ind2=" " tag="042"><subfield code="a">msc</subfield></datafield><datafield ind1="0" ind2="4" tag="245"><subfield code="a">The Moss Point advertiser.</subfield></datafield><datafield ind1=" " ind2=" " tag="260"><subfield code="a">Moss Point, Miss. :</subfield><subfield code="b">Advertiser Pub. Co.,</subfield><subfield code="c">1909-</subfield></datafield><datafield ind1=" " ind2=" " tag="310"><subfield code="a">Weekly</subfield></datafield><datafield ind1="0" ind2=" " tag="362"><subfield code="a">Vol. 1, no. 1 (Oct. 8, 1909)-</subfield></datafield><datafield ind1=" " ind2=" " tag="500"><subfield code="a">Special "Southern Kraft Edition" published Jan. 25, 1935.</subfield></datafield><datafield ind1=" " ind2=" " tag="752"><subfield code="a">United States</subfield><subfield code="b">Mississippi</subfield><subfield code="c">Jackson</subfield><subfield code="d">Moss Point.</subfield></datafield><datafield ind1="0" ind2="7" tag="785"><subfield code="t">Chronicle-star</subfield><subfield code="w">(OCoLC)16167848</subfield></datafield><datafield ind1="0" ind2="7" tag="785"><subfield code="t">Chronicle-star the Moss Point advertiser (Pascagoula, Miss. : 1941)</subfield><subfield code="w">(OCoLC)16168284</subfield></datafield></record>